%This is my library of literature

@article{tmp,
  title={Reinforcement learning: A survey},
  author={Kaelbling, Leslie Pack and Littman, Michael L and Moore, Andrew W},
  journal={Journal of artificial intelligence research},
  volume={4},
  pages={237--285},
  year={1996}
}

@article{moriarty1999evolutionary,
  title={Evolutionary algorithms for reinforcement learning},
  author={Moriarty, David E and Schultz, Alan C and Grefenstette, John J},
  journal={J. Artif. Intell. Res.(JAIR)},
  volume={11},
  pages={241--276},
  year={1999}
}

@article{moriarty1996efficient,
  title={Efficient reinforcement learning through symbiotic evolution},
  author={Moriarty, David E and Mikkulainen, Risto},
  journal={Machine learning},
  volume={22},
  number={1-3},
  pages={11--32},
  year={1996},
  publisher={Springer}
}

@article{mabu2007graph,
  title={A graph-based evolutionary algorithm: Genetic network programming (GNP) and its extension using reinforcement learning},
  author={Mabu, Shingo and Hirasawa, Kotaro and Hu, Jinglu},
  journal={Evolutionary Computation},
  volume={15},
  number={3},
  pages={369--398},
  year={2007},
  publisher={MIT Press}
}

@article{juang2000genetic,
  title={Genetic reinforcement learning through symbiotic evolution for fuzzy controller design},
  author={Juang, Chia-Feng and Lin, Jiann-Yow and Lin, Chin-Teng},
  journal={IEEE Transactions on Systems, Man, and Cybernetics, Part B (Cybernetics)},
  volume={30},
  number={2},
  pages={290--302},
  year={2000},
  publisher={IEEE}
}


@article{DeepMindAtari,
  title={Playing atari with deep reinforcement learning},
  author={Mnih, Volodymyr and Kavukcuoglu, Koray and Silver, David and Graves, Alex and Antonoglou, Ioannis and Wierstra, Daan and Riedmiller, Martin},
  journal={arXiv preprint arXiv:1312.5602},
  year={2013}
}

@inproceedings{yosinski2014transferable,
  title={How transferable are features in deep neural networks?},
  author={Yosinski, Jason and Clune, Jeff and Bengio, Yoshua and Lipson, Hod},
  booktitle={Advances in neural information processing systems},
  pages={3320--3328},
  year={2014}
}

@article{pathnet,
  title={Pathnet: Evolution channels gradient descent in super neural networks},
  author={Fernando, Chrisantha and Banarse, Dylan and Blundell, Charles and Zwols, Yori and Ha, David and Rusu, Andrei A and Pritzel, Alexander and Wierstra, Daan},
  journal={arXiv preprint arXiv:1701.08734},
  year={2017}
}

@article{progressiveneuralnetworks,
  title={Progressive neural networks},
  author={Rusu, Andrei A and Rabinowitz, Neil C and Desjardins, Guillaume and Soyer, Hubert and Kirkpatrick, James and Kavukcuoglu, Koray and Pascanu, Razvan and Hadsell, Raia},
  journal={arXiv preprint arXiv:1606.04671},
  year={2016}
}

@article{ewc,
  title={Overcoming catastrophic forgetting in neural networks},
  author={Kirkpatrick, James and Pascanu, Razvan and Rabinowitz, Neil and Veness, Joel and Desjardins, Guillaume and Rusu, Andrei A and Milan, Kieran and Quan, John and Ramalho, Tiago and Grabska-Barwinska, Agnieszka and others},
  journal={Proceedings of the National Academy of Sciences},
  pages={201611835},
  year={2017},
  publisher={National Acad Sciences}
}

@article{mlroadmap,
  title={A roadmap towards machine intelligence},
  author={Mikolov, Tomas and Joulin, Armand and Baroni, Marco},
  journal={arXiv preprint arXiv:1511.08130},
  year={2015}
}

@article{deepmindatariHumanlevelcontrol,
  title={Human-level control through deep reinforcement learning},
  author={Mnih, Volodymyr and Kavukcuoglu, Koray and Silver, David and Rusu, Andrei A and Veness, Joel and Bellemare, Marc G and Graves, Alex and Riedmiller, Martin and Fidjeland, Andreas K and Ostrovski, Georg and others},
  journal={Nature},
  volume={518},
  number={7540},
  pages={529--533},
  year={2015},
  publisher={Nature Research}
}

@article{alphago,
  title={Mastering the game of Go with deep neural networks and tree search},
  author={Silver, David and Huang, Aja and Maddison, Chris J and Guez, Arthur and Sifre, Laurent and Van Den Driessche, George and Schrittwieser, Julian and Antonoglou, Ioannis and Panneershelvam, Veda and Lanctot, Marc and others},
  journal={Nature},
  volume={529},
  number={7587},
  pages={484--489},
  year={2016},
  publisher={Nature Research}
}


@inproceedings{policygradient,
  title={Policy gradient methods for reinforcement learning with function approximation},
  author={Sutton, Richard S and McAllester, David A and Singh, Satinder P and Mansour, Yishay},
  booktitle={Advances in neural information processing systems},
  pages={1057--1063},
  year={2000}
}

@inproceedings{imageclassification,
  title={Imagenet classification with deep convolutional neural networks},
  author={Krizhevsky, Alex and Sutskever, Ilya and Hinton, Geoffrey E},
  booktitle={Advances in neural information processing systems},
  pages={1097--1105},
  year={2012}
}
@inproceedings{deepnlp,
  title={A unified architecture for natural language processing: Deep neural networks with multitask learning},
  author={Collobert, Ronan and Weston, Jason},
  booktitle={Proceedings of the 25th international conference on Machine learning},
  pages={160--167},
  year={2008},
  organization={ACM}
}

@misc{deepRLslide,
  author = "Sergey Levine",
  title  = "{University of California,Berkeley CS 294-112: Deep Reinforcement Learning, Lecture Slides: Deep RL with Q-functions}",
  note   = "URL: \url{http://rll.berkeley.edu/deeprlcourse/f17docs/lecture_7_advanced_q_learning.pdf}. 
            Last visited on 2017/09/18",
  year   = 2017,
}

@inproceedings{doubledqn,
  title={Deep Reinforcement Learning with Double Q-Learning.},
  author={Van Hasselt, Hado and Guez, Arthur and Silver, David},
  booktitle={AAAI},
  pages={2094--2100},
  year={2016}
}

@inproceedings{curriculumlearning,
  title={Curriculum learning},
  author={Bengio, Yoshua and Louradour, J{\'e}r{\^o}me and Collobert, Ronan and Weston, Jason},
  booktitle={Proceedings of the 26th annual international conference on machine learning},
  pages={41--48},
  year={2009},
  organization={ACM}
}

@misc{keras,
  title={Keras},
  author={Chollet, Fran\c{c}ois and others},
  year={2015},
  publisher={GitHub},
  howpublished={\url{https://github.com/fchollet/keras}},
}

@misc{tensorflow,
title={ {TensorFlow}: Large-Scale Machine Learning on Heterogeneous Systems},
url={https://www.tensorflow.org/},
note={Software available from tensorflow.org},
author={
    Mart\'{\i}n~Abadi and
    Ashish~Agarwal and
    Paul~Barham and
    Eugene~Brevdo and
    Zhifeng~Chen and
    Craig~Citro and
    Greg~S.~Corrado and
    Andy~Davis and
    Jeffrey~Dean and
    Matthieu~Devin and
    Sanjay~Ghemawat and
    Ian~Goodfellow and
    Andrew~Harp and
    Geoffrey~Irving and
    Michael~Isard and
    Yangqing Jia and
    Rafal~Jozefowicz and
    Lukasz~Kaiser and
    Manjunath~Kudlur and
    Josh~Levenberg and
    Dandelion~Man\'{e} and
    Rajat~Monga and
    Sherry~Moore and
    Derek~Murray and
    Chris~Olah and
    Mike~Schuster and
    Jonathon~Shlens and
    Benoit~Steiner and
    Ilya~Sutskever and
    Kunal~Talwar and
    Paul~Tucker and
    Vincent~Vanhoucke and
    Vijay~Vasudevan and
    Fernanda~Vi\'{e}gas and
    Oriol~Vinyals and
    Pete~Warden and
    Martin~Wattenberg and
    Martin~Wicke and
    Yuan~Yu and
    Xiaoqiang~Zheng},
  year={2015},
}

@article{MNIST,
  added-at = {2010-06-28T21:16:30.000+0200},
  author = {LeCun, Yann and Cortes, Corinna},
  biburl = {https://www.bibsonomy.org/bibtex/2935bad99fa1f65e03c25b315aa3c1032/mhwombat},
  groups = {public},
  howpublished = {http://yann.lecun.com/exdb/mnist/},
  interhash = {21b9d0558bd66279df9452562df6e6f3},
  intrahash = {935bad99fa1f65e03c25b315aa3c1032},
  keywords = {MSc _checked character_recognition mnist network neural},
  lastchecked = {2016-01-14 14:24:11},
  timestamp = {2016-07-12T19:25:30.000+0200},
  title = {{MNIST} handwritten digit database},
  url = {http://yann.lecun.com/exdb/mnist/},
  username = {mhwombat},
  year = 2010
}

@inproceedings{SVHN,
  title={Reading digits in natural images with unsupervised feature learning},
  author={Netzer, Yuval and Wang, Tao and Coates, Adam and Bissacco, Alessandro and Wu, Bo and Ng, Andrew Y},
  booktitle={NIPS workshop on deep learning and unsupervised feature learning},
  volume={2011},
  number={2},
  pages={5},
  year={2011}
}

@inproceedings{GA-DNN,
  title={Genetic algorithms for evolving deep neural networks},
  author={David, Omid E and Greental, Iddo},
  booktitle={Proceedings of the Companion Publication of the 2014 Annual Conference on Genetic and Evolutionary Computation},
  pages={1451--1452},
  year={2014},
  organization={ACM}
}

@book{selfishGene,
  title={The Selfish Gene},
  author={Dawkins, R.},
  isbn={9780192860927},
  lccn={89016077},
  series={Oxford paperbacks},
  url={https://books.google.no/books?id=WkHO9HI7koEC},
  year={1989},
  publisher={Oxford University Press}
}

@inproceedings{populationDiversity,
  title={Measurement of population diversity},
  author={Morrison, Ronald W and De Jong, Kenneth A},
  booktitle={International Conference on Artificial Evolution (Evolution Artificielle)},
  pages={31--41},
  year={2001},
  organization={Springer}
}

@article{alphazero,
  title={Mastering Chess and Shogi by Self-Play with a General Reinforcement Learning Algorithm},
  author={Silver, David and Hubert, Thomas and Schrittwieser, Julian and Antonoglou, Ioannis and Lai, Matthew and Guez, Arthur and Lanctot, Marc and Sifre, Laurent and Kumaran, Dharshan and Graepel, Thore and others},
  journal={arXiv preprint arXiv:1712.01815},
  year={2017}
}
@article{alphago,
  title={Mastering the game of Go with deep neural networks and tree search},
  author={Silver, David and Huang, Aja and Maddison, Chris J and Guez, Arthur and Sifre, Laurent and Van Den Driessche, George and Schrittwieser, Julian and Antonoglou, Ioannis and Panneershelvam, Veda and Lanctot, Marc and others},
  journal={nature},
  volume={529},
  number={7587},
  pages={484--489},
  year={2016},
  publisher={Nature Research}
}

@Online{dota2,
 author = {Weinberger, Matt},
 year = {2017},
 title = {Elon Musks \$1 billion AI startup made a surprise appearance at a \$24 million video game tournament and crushed a pro gamer},
 journal = {Business Insider Nordic},
 url = {http://nordic.businessinsider.com/the-international-dota-2-openai-bot-beats-dendi-2017-8},
 urldate = {2018-03-21}
}



@article{perceptron,
  title={The perceptron: a probabilistic model for information storage and organization in the brain.},
  author={Rosenblatt, Frank},
  journal={Psychological review},
  volume={65},
  number={6},
  pages={386},
  year={1958},
  publisher={American Psychological Association}
}

@incollection{imitationgame,
  title={Computing machinery and intelligence},
  author={Turing, Alan M},
  booktitle={Parsing the Turing Test},
  pages={23--65},
  year={2009},
  publisher={Springer}
}

@article{jeopardy,
  title={Computer wins on jeopardy!: trivial, its not},
  author={Markoff, John},
  journal={New York Times},
  volume={16},
  year={2011}
}

@inproceedings{youtubecats,
  title={Building high-level features using large scale unsupervised learning},
  author={Le, Quoc V},
  booktitle={Acoustics, Speech and Signal Processing (ICASSP), 2013 IEEE International Conference on},
  pages={8595--8598},
  year={2013},
  organization={IEEE}
}

@inproceedings{deepface,
  title={Deepface: Closing the gap to human-level performance in face verification},
  author={Taigman, Yaniv and Yang, Ming and Ranzato, Marc'Aurelio and Wolf, Lior},
  booktitle={Proceedings of the IEEE conference on computer vision and pattern recognition},
  pages={1701--1708},
  year={2014}
}

@article{adam,
  title={Adam: A method for stochastic optimization},
  author={Kingma, Diederik P and Ba, Jimmy},
  journal={arXiv preprint arXiv:1412.6980},
  year={2014}
}

@incollection{sgd,
  title={Large-scale machine learning with stochastic gradient descent},
  author={Bottou, L{\'e}on},
  booktitle={Proceedings of COMPSTAT'2010},
  pages={177--186},
  year={2010},
  publisher={Springer}
}

@article{deepreinforcementlearning,
  title={Human-level control through deep reinforcement learning},
  author={Mnih, Volodymyr and Kavukcuoglu, Koray and Silver, David and Rusu, Andrei A and Veness, Joel and Bellemare, Marc G and Graves, Alex and Riedmiller, Martin and Fidjeland, Andreas K and Ostrovski, Georg and others},
  journal={Nature},
  volume={518},
  number={7540},
  pages={529},
  year={2015},
  publisher={Nature Publishing Group}
}

@article{multitasklearning,
  title={An overview of multi-task learning in deep neural networks},
  author={Ruder, Sebastian},
  journal={arXiv preprint arXiv:1706.05098},
  year={2017}
}

@misc{softmaxcrossentropy,
  Author = {Ridcully, Mustrum},
  Institution = {Stanford University},
  Howpublished = {Online course material for CS231n: Convolutional Neural Networks for Visual Recognition},
  Year = {2017},
  Title = {Linear classification: softmax classifier},
  url = {http://cs231n.github.io/linear-classify/#softmax},
  urldate = {2018-03-22},
}

@inproceedings{tradaboost,
  title={Boosting for transfer learning},
  author={Dai, Wenyuan and Yang, Qiang and Xue, Gui-Rong and Yu, Yong},
  booktitle={Proceedings of the 24th international conference on Machine learning},
  pages={193--200},
  year={2007},
  organization={ACM}
}


@inproceedings{hardparametersharing,
  author={Baxter, J},
  booktitle={A Bayesian/information theoretic model of learning to learn via multiple task sampling},
  chapter={28}, 
  pages={7-39},
  year={1997},
  url={http://link.springer.com/article/10.1023/A:1007327622663}
}

@inproceedings{goodmnist,
  title={Multi-column deep neural networks for image classification},
  author={Ciregan, Dan and Meier, Ueli and Schmidhuber, J{\"u}rgen},
  booktitle={Computer vision and pattern recognition (CVPR), 2012 IEEE conference on},
  pages={3642--3649},
  year={2012},
  organization={IEEE}
}

@book{anova,
  title={Regression methods in biostatistics: linear, logistic, survival, and repeated measures models},
  author={Vittinghoff, Eric and Glidden, David V and Shiboski, Stephen C and McCulloch, Charles E},
  year={2012},
  publisher={Springer Science \& Business Media},
  pages={"27-33"},
  chapter={3}
}

